@inproceedings{DBLP:conf/naacl/RiedelYMM13,
  author    = {Sebastian Riedel and
               Limin Yao and
               Andrew McCallum and
               Benjamin M. Marlin},
  title     = {Relation Extraction with Matrix Factorization and Universal Schemas},
  booktitle = {Human Language Technologies: Conference of the North American Chapter
               of the Association of Computational Linguistics, Proceedings, June
               9-14, 2013, Westin Peachtree Plaza Hotel, Atlanta, Georgia, {USA}},
  pages     = {74--84},
  year      = {2013},
  crossref  = {DBLP:conf/naacl/2013},
  url       = {http://aclweb.org/anthology/N/N13/N13-1008.pdf},
  timestamp = {Mon, 13 Nov 2017 00:00:00 +0100},
  biburl    = {https://dblp.org/rec/bib/conf/naacl/RiedelYMM13},
  bibsource = {dblp computer science bibliography, https://dblp.org}
}
