@article{DBLP:journals/corr/TanLP14,
  author    = {Chenhao Tan and
               Lillian Lee and
               Bo Pang},
  title     = {The effect of wording on message propagation: Topic- and author-controlled
               natural experiments on Twitter},
  journal   = {CoRR},
  volume    = {abs/1405.1438},
  year      = {2014},
  url       = {http://arxiv.org/abs/1405.1438},
  archivePrefix = {arXiv},
  eprint    = {1405.1438},
  timestamp = {Wed, 07 Jun 2017 14:40:28 +0200},
  biburl    = {https://dblp.org/rec/bib/journals/corr/TanLP14},
  bibsource = {dblp computer science bibliography, https://dblp.org}
}

